%%Mathematical
@article{armijo1966minimization,
  title={Minimization of functions having Lipschitz continuous first partial derivatives},
  author={Armijo, Larry and others},
  journal={Pacific Journal of mathematics},
  volume={16},
  number={1},
  pages={1--3},
  year={1966}
}

@article{green1983organization,
  title={Organization and patterns of inter-and intraspecific variation in the behaviour of Drosophila larvae},
  author={Green, CH and Burnet, B and Connolly, KJ},
  journal={Animal Behaviour},
  volume={31},
  number={1},
  pages={282--291},
  year={1983},
  publisher={Elsevier}
}

@article{farkas1972chemical,
  title={Chemical trail-following by flying insects: a mechanism for orientation to a distant odor source},
  author={Farkas, SR and Shorey, HH},
  journal={Science},
  volume={178},
  number={4056},
  pages={67--68},
  year={1972},
  publisher={American Association for the Advancement of Science}
}
@article{hangartner1969structure,
  title={Structure and variability of the individual odor trail in Solenopsis geminata Fabr.(Hymenoptera, Formicidae)},
  author={Hangartner, Walter},
  journal={Journal of Comparative Physiology A: Neuroethology, Sensory, Neural, and Behavioral Physiology},
  volume={62},
  number={1},
  pages={111--120},
  year={1969},
  publisher={Springer}
}

@article{willis2008effects,
  title={Effects of altering flow and odor information on plume tracking behavior in walking cockroaches, Periplaneta americana (L.)},
  author={Willis, Mark A and Avondet, Jennifer L and Finnell, Andrew S},
  journal={Journal of Experimental Biology},
  volume={211},
  number={14},
  pages={2317--2326},
  year={2008},
  publisher={The Company of Biologists Ltd}
}

@article{carde2008navigational,
  title={Navigational strategies used by insects to find distant, wind-borne sources of odor},
  author={Card{\'e}, Ring T and Willis, Mark A},
  journal={Journal of chemical ecology},
  volume={34},
  number={7},
  pages={854--866},
  year={2008},
  publisher={Springer}
}

@inproceedings{belanger1996centrally,
  title={Centrally-generated and reflexive control strategies in the adaptive behavior of real and simulated animals},
  author={Belanger, Jim H and Willis, Mark A},
  booktitle={From Animals to Animats 4: Proceedings of the Fourth International Conference on Simulation of Adaptive Behavior},
  volume={4},
  pages={155},
  year={1996},
  organization={MIT Press}
}

@article{budick2006free,
  title={Free-flight responses of Drosophila melanogaster to attractive odors},
  author={Budick, Seth A and Dickinson, Michael H},
  journal={Journal of experimental biology},
  volume={209},
  number={15},
  pages={3001--3017},
  year={2006},
  publisher={The Company of Biologists Ltd}
}

%%Optogen


@book{braitenberg1986vehicles,
  title={Vehicles: Experiments in synthetic psychology},
  author={Braitenberg, Valentino},
  year={1986},
  publisher={MIT press}
}

@article{tastekin2015role,
  title={Role of the Subesophageal Zone in Sensorimotor Control of Orientation in Drosophila Larva},
  author={Tastekin, Ibrahim and Riedl, Julia and Schilling-Kurz, Verena and Gomez-Marin, Alex and Truman, James W and Louis, Matthieu},
  journal={Current Biology},
  year={2015},
  publisher={Elsevier}
}
@article{davies2015model,
  title={A Model of Drosophila Larva Chemotaxis.},
  author={Davies, A and Louis, M and Webb, B},
  journal={PLoS computational biology},
  volume={11},
  number={11},
  pages={e1004606--e1004606},
  year={2015}
}

@article{aso2014neuronal,
  title={The neuronal architecture of the mushroom body provides a logic for associative learning},
  author={Aso, Yoshinori and Hattori, Daisuke and Yu, Yang and Johnston, Rebecca M and Iyer, Nirmala A and Ngo, Teri-TB and Dionne, Heather and Abbott, LF and Axel, Richard and Tanimoto, Hiromu and others},
  journal={Elife},
  volume={3},
  pages={e04577},
  year={2014},
  publisher={eLife Sciences Publications Limited}
}

@article{slater2015central,
  title={A central neural pathway controlling odor tracking in Drosophila},
  author={Slater, Gemma and Levy, Peter and Chan, KL Andrew and Larsen, Camilla},
  journal={The Journal of Neuroscience},
  volume={35},
  number={5},
  pages={1831--1848},
  year={2015},
  publisher={Soc Neuroscience}
}

@article{bellmann2010optogenetically,
  title={Optogenetically induced olfactory stimulation in Drosophila larvae reveals the neuronal basis of odor-aversion behavior},
  author={Bellmann, Dennis and Richardt, Arnd and Freyberger, Robert and Nuwal, Nidhi and Schw{\"a}rzel, Martin and Fiala, Andr{\'e} and St{\"o}rtkuhl, Klemens F},
  journal={Frontiers in behavioral neuroscience},
  volume={4},
  year={2010},
  publisher={Frontiers Research Foundation}
}


@article{schleyer2011behavior,
  title={A behavior-based circuit model of how outcome expectations organize learned behavior in larval Drosophila},
  author={Schleyer, Michael and Saumweber, Timo and Nahrendorf, Wiebke and Fischer, Benjamin and von Alpen, D{\'e}sir{\'e}e and Pauls, Dennis and Thum, Andreas and Gerber, Bertram},
  journal={Learning \& Memory},
  volume={18},
  number={10},
  pages={639--653},
  year={2011},
  publisher={Cold Spring Harbor Lab}
}

@article{schleyer2015learning,
  title={Learning the specific quality of taste reinforcement in larval Drosophila},
  author={Schleyer, Michael and Miura, Daisuke and Tanimura, Teiichi and Gerber, Bertram},
  journal={Elife},
  volume={4},
  pages={e04711},
  year={2015},
  publisher={eLife Sciences Publications Limited}
}
%%% 'Decision making' 
%Decision making in larva drosophila
@book{menzel2013invertebrate,
  title={Invertebrate learning and memory},
  author={Menzel, Randolf and Benjamin, Paul},
  volume={22},
  year={2013},
  chapter={5},
  publisher={Academic Press}
}

@book{gerber2009smelling,
  title={Smelling, tasting, learning: Drosophila as a study case},
  author={Gerber, Bertram and Stocker, Reinhard F and Tanimura, T and Thum, Andreas Stephan},
  year={2009},
  publisher={Springer}
}

%% Temperature grad.
@article{lahiri2011two,
  title = {Two Alternating Motor Programs Drive Navigation in \textit{Drosophila} Larva},  
   author = {Lahiri, Subhaneil AND Shen, Konlin AND Klein, Mason AND Tang, Anji AND Kane, Elizabeth AND Gershow, Marc AND Garrity, Paul AND Samuel, Aravinthan D. T.},
    journal = {PLoS ONE},
    publisher = {Public Library of Science},
    year = {2011},
    month = {08},
    volume = {6},
    pages = {e23180},
    number = {8},
    url = {http://dx.doi.org/10.1371%2Fjournal.pone.0023180},
    doi = {10.1371/journal.pone.0023180}  

}

@article{kane2013sensorimotor,
  title={Sensorimotor structure of Drosophila larva phototaxis},
  author={Kane, Elizabeth A and Gershow, Marc and Afonso, Bruno and Larderet, Ivan and Klein, Mason and Carter, Ashley R and de Bivort, Benjamin L and Sprecher, Simon G and Samuel, Aravinthan DT},
  journal={Proceedings of the National Academy of Sciences},
  volume={110},
  number={40},
  pages={E3868--E3877},
  year={2013},
  publisher={National Acad Sciences}
}

@article{hernandez2015reverse,
  title={Reverse-correlation analysis of navigation dynamics in Drosophila larva using optogenetics},
  author={Hernandez-Nunez, Luis and Belina, Jonas and Klein, Mason and Si, Guangwei and Claus, Lindsey and Carlson, John R and Samuel, Aravinthan DT},
  journal={eLife},
  pages={e06225},
  year={2015},
  publisher={eLife Sciences Publications Limited}
}
@article{klein2015sensory,
  title={Sensory determinants of behavioral dynamics in Drosophila thermotaxis},
  author={Klein, Mason and Afonso, Bruno and Vonner, Ashley J and Hernandez-Nunez, Luis and Berck, Matthew and Tabone, Christopher J and Kane, Elizabeth A and Pieribone, Vincent A and Nitabach, Michael N and Cardona, Albert and others},
  journal={Proceedings of the National Academy of Sciences},
  volume={112},
  number={2},
  pages={E220--E229},
  year={2015},
  publisher={National Acad Sciences}
}

@article{luo2010navigational,
  title={Navigational decision making in Drosophila thermotaxis},
  author={Luo, Linjiao and Gershow, Marc and Rosenzweig, Mark and Kang, KyeongJin and Fang-Yen, Christopher and Garrity, Paul A and Samuel, Aravinthan DT},
  journal={The Journal of Neuroscience},
  volume={30},
  number={12},
  pages={4261--4272},
  year={2010},
  publisher={Soc Neuroscience}
}

%%On Free will and decisions in invertrates
@article{brembs2011towards,
  title={Towards a scientific concept of free will as a biological trait: spontaneous actions and decision-making in invertebrates},
  author={Brembs, Bj{\"o}rn},
  journal={Proceedings of the Royal Society of London B: Biological Sciences},
  volume={278},
  number={1707},
  pages={930--939},
  year={2011},
  publisher={The Royal Society}
}

%%%%%%

@article{gomez2012active,
  title={Active sensation during orientation behavior in the Drosophila larva: more sense than luck},
  author={Gomez-Marin, Alex and Louis, Matthieu},
  journal={Current opinion in neurobiology},
  volume={22},
  number={2},
  pages={208--215},
  year={2012},
  publisher={Elsevier}
}

%%This is the one with the avoidance in there
@article{gomez2011active,
  title={Active sampling and decision making in Drosophila chemotaxis},
  author={Gomez-Marin, Alex and Stephens, Greg J and Louis, Matthieu},
  journal={Nature communications},
  volume={2},
  pages={441},
  year={2011},
  publisher={Nature Publishing Group}
}


%The Weathervaning
@article{gomez2014multilevel,
  title={Multilevel control of run orientation in Drosophila larval chemotaxis},
  author={Gomez-Marin, Alex and Louis, Matthieu},
  journal={Frontiers in behavioral neuroscience},
  volume={8},
  year={2014},
  publisher={Frontiers Media SA}
}
@article{fishilevich2005chemotaxis,
  title={Chemotaxis behavior mediated by single larval olfactory neurons in Drosophila},
  author={Fishilevich, Elane and Domingos, Ana I and Asahina, Kenta and Naef, F{\'e}lix and Vosshall, Leslie B and Louis, Matthieu},
  journal={Current Biology},
  volume={15},
  number={23},
  pages={2086--2096},
  year={2005},
  publisher={Elsevier}
}
@article{gerber2004engram,
  title={An engram found? Evaluating the evidence from fruit flies},
  author={Gerber, Bertram and Tanimoto, Hiromu and Heisenberg, Martin},
  journal={Current opinion in neurobiology},
  volume={14},
  number={6},
  pages={737--744},
  year={2004},
  publisher={Elsevier}
}
@article{sobel1990locust,
  title={The locust's use of motion parallax to measure distance},
  author={Sobel, Erik C},
  journal={Journal of Comparative Physiology A},
  volume={167},
  number={5},
  pages={579--588},
  year={1990},
  publisher={Springer}
}
@article{collett1978short,
  title={Short Communication: Peering-A Locust Behaviour Pattern for Obtaining Motion Parallax Information},
  author={Collett, TS},
  journal={Journal of experimental Biology},
  volume={76},
  number={1},
  pages={237--241},
  year={1978},
  publisher={The Company of Biologists Ltd}
}

@article{snyman2005line,
  title={Line Search Descent Methods for Unconstrained Minimization},
  author={Snyman, Jan A},
  journal={Practical Mathematical Optimization: An Introduction to Basic Optimization Theory and Classical and New Gradient-Based Algorithms},
  pages={33--55},
  year={2005},
  publisher={Springer}
}

@article{kral1998side,
  title={Side-to-side head movements to obtain motion depth cues:: A short review of research on the praying mantis},
  author={Kral, Karl},
  journal={Behavioural Processes},
  volume={43},
  number={1},
  pages={71--77},
  year={1998},
  publisher={Elsevier}
}
@article{izquierdo2010evolution,
  title={Evolution and analysis of minimal neural circuits for klinotaxis in Caenorhabditis elegans},
  author={Izquierdo, Eduardo J and Lockery, Shawn R},
  journal={The Journal of Neuroscience},
  volume={30},
  number={39},
  pages={12908--12917},
  year={2010},
  publisher={Soc Neuroscience}
}
@article{cardona2010integrated,
  title={An integrated micro-and macroarchitectural analysis of the Drosophila brain by computer-assisted serial section electron microscopy},
  author={Cardona, Albert and Saalfeld, Stephan and Preibisch, Stephan and Schmid, Benjamin and Cheng, Anchi and Pulokas, Jim and Tomancak, Pavel and Hartenstein, Volker},
  journal={PLoS biology},
  volume={8},
  number={10},
  pages={2564},
  year={2010}
}

@article{diegelmann2013maggot,
  title={Maggot learning and Synapsin function},
  author={Diegelmann, S{\"o}ren and Klagges, Bert and Michels, Birgit and Schleyer, Michael and Gerber, Bertram},
  journal={The Journal of experimental biology},
  volume={216},
  number={6},
  pages={939--951},
  year={2013},
  publisher={The Company of Biologists Ltd}
}

@article{scherer2003olfactory,
  title={Olfactory learning in individually assayed Drosophila larvae},
  author={Scherer, Sabine and Stocker, Reinhard F and Gerber, Bertram},
  journal={Learning \& Memory},
  volume={10},
  number={3},
  pages={217--225},
  year={2003},
  publisher={Cold Spring Harbor Lab}
}

@software{math,
 author = {{Wolfram Research, Inc.}},
 title = {Mathematica 10.1},
 publisher = {Wolfram Research, Inc.},
 url = {https://www.wolfram.com},
 version = {10.1},
 edition = {10.1},
 year = {2015}
 }
 
@article{rheinlaender1979accuracy,
  title={Accuracy of phonotaxis by the green treefrog (Hyla cinerea)},
  author={Rheinlaender, J{\"u}rgen and Gerhardt, H Carl and Yager, David D and Capranica, Robert R},
  journal={Journal of comparative physiology},
  volume={133},
  number={4},
  pages={247--255},
  year={1979},
  publisher={Springer}
}
 
@book{fung2013biomechanics,
  title={Biomechanics: mechanical properties of living tissues},
  author={Fung, Yuan-Cheng},
  year={2013},
  publisher={Springer Science \& Business Media}
}
@article{willis1997centrally,
  title={Centrally patterned behavior generates sensory input for adaptive control},
  author={Willis, MA and Arbas, EA},
  journal={Neurons, networks, and motor behavior. MIT Press, Cambridge, Mass},
  pages={269--275},
  year={1997}
}

@article{cohen1992modelling,
  title={Modelling of intersegmental coordination in the lamprey central pattern generator for locomotion},
  author={Cohen, Avis H and Ermentrout, G Bard and Kiemel, Tim and Kopell, Nancy and Sigvardt, Karen A and Williams, Thelma L},
  journal={Trends in neurosciences},
  volume={15},
  number={11},
  pages={434--438},
  year={1992},
  publisher={Elsevier}
}
@book{wilson1999spikes,
  title={Spikes, decisions, and actions: dynamical foundations of neuroscience},
  author={Wilson, Hugh Reid},
  year={1999},
  publisher={Oxford University Press}
}

@incollection{kodzhabashev2015route,
  title={Route Following Without Scanning},
  author={Kodzhabashev, Aleksandar and Mangan, Michael},
  booktitle={Biomimetic and Biohybrid Systems},
  pages={199--210},
  year={2015},
  publisher={Springer}
}

@incollection{ross2015model,
  title={A Model of Larval Biomechanics Reveals Exploitable Passive Properties for Efficient Locomotion},
  author={Ross, Dylan and Lagogiannis, Konstantinos and Webb, Barbara},
  booktitle={Biomimetic and Biohybrid Systems},
  pages={1--12},
  year={2015},
  publisher={Springer}
}
@article{song2007peripheral,
  title={Peripheral multidendritic sensory neurons are necessary for rhythmic locomotion behavior in Drosophila larvae},
  author={Song, Wei and Onishi, Maika and Jan, Lily Yeh and Jan, Yuh Nung},
  journal={Proceedings of the National Academy of Sciences},
  volume={104},
  number={12},
  pages={5199--5204},
  year={2007},
  publisher={National Acad Sciences}
}
@article{naka1966s,
  title={S-potentials from colour units in the retina of fish (Cyprinidae)},
  author={Naka, KI and Rushton, WAH},
  journal={The Journal of Physiology},
  volume={185},
  number={3},
  pages={536--555},
  year={1966},
  publisher={Wiley Online Library}
}

@article{vermeij1973adaptation,
  title={Adaptation, versatility, and evolution},
  author={Vermeij, Geerat J},
  journal={Systematic Biology},
  volume={22},
  number={4},
  pages={466--477},
  year={1973},
  publisher={Oxford University Press}
}

@article{gepner2015computations,
  title={Computations underlying Drosophila photo-taxis, odor-taxis, and multi-sensory integration},
  author={Gepner, Ruben and Skanata, Mirna Mihovilovic and Bernat, Natalie M and Kaplow, Margarita and Gershow, Marc},
  journal={eLife},
  pages={e06229},
  year={2015},
  publisher={eLife Sciences Publications Limited}
}

@article{khurana2013olfactory,
  title={Olfactory responses of Drosophila larvae},
  author={Khurana, Sukant and Siddiqi, Obaid},
  journal={Chemical senses},
  volume={38},
  number={4},
  pages={315--323},
  year={2013},
  publisher={Oxford Univ Press}
}
@article{kiehn2011development,
  title={Development and functional organization of spinal locomotor circuits},
  author={Kiehn, Ole},
  journal={Current opinion in neurobiology},
  volume={21},
  number={1},
  pages={100--109},
  year={2011},
  publisher={Elsevier}
}
@article{berni2012autonomous,
  title={Autonomous circuitry for substrate exploration in freely moving Drosophila larvae},
  author={Berni, Jimena and Pulver, Stefan R and Griffith, Leslie C and Bate, Michael},
  journal={Current Biology},
  volume={22},
  number={20},
  pages={1861--1870},
  year={2012},
  publisher={Elsevier}
}

@article{mccrea2008organization,
  title={Organization of mammalian locomotor rhythm and pattern generation},
  author={McCrea, David A and Rybak, Ilya A},
  journal={Brain research reviews},
  volume={57},
  number={1},
  pages={134--146},
  year={2008},
  publisher={Elsevier}
}
@article{hughes2007sensory,
  title={A sensory feedback circuit coordinates muscle activity in Drosophila},
  author={Hughes, Cynthia L and Thomas, John B},
  journal={Molecular and Cellular Neuroscience},
  volume={35},
  number={2},
  pages={383--396},
  year={2007},
  publisher={Elsevier}
}

@article{suster2003targeted,
  title={Targeted expression of tetanus toxin reveals sets of neurons involved in larval locomotion in Drosophila},
  author={Suster, Maximiliano L and Martin, Jean-Rene and Sung, Carl and Robinow, Steven},
  journal={Journal of neurobiology},
  volume={55},
  number={2},
  pages={233--246},
  year={2003},
  publisher={Wiley Online Library}
}

%%Distict Behaviour Motor Patterns?
@article{vogelstein2014discovery,
  title={Discovery of brainwide neural-behavioral maps via multiscale unsupervised structure learning},
  author={Vogelstein, Joshua T and Park, Youngser and Ohyama, Tomoko and Kerr, Rex A and Truman, James W and Priebe, Carey E and Zlatic, Marta},
  journal={Science},
  volume={344},
  number={6182},
  pages={386--392},
  year={2014},
  publisher={American Association for the Advancement of Science}
}


@article{marder1996principles,
  title={Principles of rhythmic motor pattern generation},
  author={Marder, Eve and Calabrese, Ronald L},
  journal={Physiological reviews},
  volume={76},
  number={3},
  pages={687--718},
  year={1996},
  publisher={Am Physiological Soc}
}

@article{brown1911intrinsic,
  title={The intrinsic factors in the act of progression in the mammal},
  author={Brown, T Graham},
  journal={Proceedings of the Royal Society of London. Series B, containing papers of a biological character},
  pages={308--319},
  year={1911},
  publisher={JSTOR}
}
@article{berni2015genetic,
  title={Genetic Dissection of a Regionally Differentiated Network for Exploratory Behavior in Drosophila Larvae},
  author={Berni, Jimena},
  journal={Current Biology},
  volume={25},
  number={10},
  pages={1319--1326},
  year={2015},
  publisher={Elsevier}
}
@article{lansner1997realistic,
  title={Realistic modeling of burst generation and swimming in lamprey},
  author={Lansner A.,  Ekeberg {\"O}. and  Grillner, S.},
  editor={ Stein P. S., Grillner S., Selverston A. I. and Stuart D. G. Tucson},
  journal={Neurons, networks and motor behavior},
  pages={165--171},
  year={1997}
}
@article{fagerstedt2001lateral,
  title={Lateral turns in the lamprey. I. Patterns of motoneuron activity},
  author={Fagerstedt, Patriq and Ull{\'e}n, Fredrik},
  journal={Journal of neurophysiology},
  volume={86},
  number={5},
  pages={2246--2256},
  year={2001},
  publisher={Am Physiological Soc}
}

@article{vogelstein2006dynamic,
  title={Dynamic control of the central pattern generator for locomotion},
  author={Vogelstein, R Jacob and Tenore, Francesco and Etienne-Cummings, Ralph and Lewis, M Anthony and Cohen, Avis H},
  journal={Biological cybernetics},
  volume={95},
  number={6},
  pages={555--566},
  year={2006},
  publisher={Springer}
}

@article{bartussek2013limit,
  title={Limit-cycle-based control of the myogenic wingbeat rhythm in the fruit fly Drosophila},
  author={Bartussek, Jan and Mutlu, A Kadir and Zapotocky, Martin and Fry, Steven N},
  journal={Journal of the royal society interface},
  volume={10},
  number={80},
  pages={20121013},
  year={2013},
  publisher={The Royal Society}
}

@article{delcomyn1980neural,
  title={Neural basis of rhythmic behavior in animals},
  author={Delcomyn, Fred},
  journal={Science},
  volume={210},
  number={4469},
  pages={492--498},
  year={1980},
  publisher={American Association for the Advancement of Science}
}

@book{ali2012nervous,
  title={Nervous systems in invertebrates},
  author={Ali, Mohamed Ather},
  year={2012},
  publisher={Springer Science \& Business Media}
}

@article{wilson1972excitatory,
  title={Excitatory and inhibitory interactions in localized populations of model neurons},
  author={Wilson, Hugh R and Cowan, Jack D},
  journal={Biophysical journal},
  volume={12},
  number={1},
  pages={1},
  year={1972},
  publisher={The Biophysical Society}
}
@article{gomez2010mechanisms,
  title={Mechanisms of odor-tracking: multiple sensors for enhanced perception and behavior},
  author={Gomez-Marin, Alex and Duistermars, Brian J and Frye, Mark A and Louis, Matthieu},
  journal={Frontiers in cellular neuroscience},
  volume={4},
  year={2010},
  publisher={Frontiers Research Foundation}
}

@article{stephens2008dimensionality,
  title={Dimensionality and dynamics in the behavior of C. elegans},
  author={Stephens, Greg J and Johnson-Kerner, Bethany and Bialek, William and Ryu, William S},
  journal={PLoS computational biology},
  volume={4},
  number={4},
  pages={e1000028},
  year={2008},
  publisher={Public Library of Science}
}


@article{stocker2006olfactory,
  title={Olfactory Coding: Connecting Odorant Receptor Expression and Behavior in the< i> Drosophila</i> Larva},
  author={Stocker, Reinhard F},
  journal={Current biology},
  volume={16},
  number={1},
  pages={R16--R18},
  year={2006},
  publisher={Elsevier}
}

@article{couto2005molecular,
  title={Molecular, Anatomical, and Functional Organization of the< i> Drosophila</i> Olfactory System},
  author={Couto, Africa and Alenius, Mattias and Dickson, Barry J},
  journal={Current Biology},
  volume={15},
  number={17},
  pages={1535--1547},
  year={2005},
  publisher={Elsevier}
}

@article{kim2011system,
  title={System identification of Drosophila olfactory sensory neurons},
  author={Kim, Anmo J and Lazar, Aurel A and Slutskiy, Yevgeniy B},
  journal={Journal of computational neuroscience},
  volume={30},
  number={1},
  pages={143--161},
  year={2011},
  publisher={Springer}
}

@article{getahun2012temporal,
  title={Temporal response dynamics of Drosophila olfactory sensory neurons depends on receptor type and response polarity},
  author={Getahun, Merid N and Wicher, Dieter and Hansson, Bill S and Olsson, Shannon B},
  journal={Frontiers in cellular neuroscience},
  volume={6},
  year={2012},
  publisher={Frontiers Media SA}
}
@article{de2013common,
  title={Common dynamical features of sensory adaptation in photoreceptors and olfactory sensory neurons},
  author={De Palo, Giovanna and Facchetti, Giuseppe and Mazzolini, Monica and Menini, Anna and Torre, Vincent and Altafini, Claudio},
  journal={Scientific reports},
  volume={3},
  year={2013},
  publisher={Nature Publishing Group}
}


@article{ohashi2014novel,
  title={A novel behavioral strategy, continuous biased running, during chemotaxis in< i> Drosophila</i> larvae},
  author={Ohashi, Shumpei and Morimoto, Takako and Suzuki, Yoshinori and Miyakawa, Hiroyoshi and Aonishi, Toru},
  journal={Neuroscience letters},
  volume={570},
  pages={10--15},
  year={2014},
  publisher={Elsevier}
}



@article{aquino2014memory,
  title={Memory improves precision of cell sensing in fluctuating environments},
  author={Aquino, Gerardo and Tweedy, Luke and Heinrich, Doris and Endres, Robert G},
  journal={Scientific reports},
  volume={4},
  year={2014},
  publisher={Nature Publishing Group}
}

@article{saha2013spatiotemporal,
  title={A spatiotemporal coding mechanism for background-invariant odor recognition},
  author={Saha, Debajit and Leong, Kevin and Li, Chao and Peterson, Steven and Siegel, Gregory and Raman, Baranidharan},
  journal={Nature neuroscience},
  year={2013},
  publisher={Nature Publishing Group}
}
%%% Sensory-Motor Loop 
@article{lemon2015whole,
  title={Whole-central nervous system functional imaging in larval Drosophila},
  author={Lemon, William C and Pulver, Stefan R and H{\"o}ckendorf, Burkhard and McDole, Katie and Branson, Kristin and Freeman, Jeremy and Keller, Philipp J},
  journal={Nature communications},
  volume={6},
  year={2015},
  publisher={Nature Publishing Group}
}

@article{kanzaki1996behavioral,
  title={Behavioral and neural basis of instinctive behavior in insects: Odor-source searching strategies without memory and learning},
  author={Kanzaki, Ryohei},
  journal={Robotics and Autonomous Systems},
  volume={18},
  number={1},
  pages={33--43},
  year={1996},
  publisher={Elsevier}
}

@article{levi2005role,
  title={The role of sensory network dynamics in generating a motor program},
  author={Levi, Rafael and Varona, Pablo and Arshavsky, Yuri I and Rabinovich, Mikhail I and Selverston, Allen I},
  journal={The Journal of neuroscience},
  volume={25},
  number={42},
  pages={9807--9815},
  year={2005},
  publisher={Soc Neuroscience}
}

@incollection{willis1997active,
  title={Active behavior and reflexive responses: Another perspective on odor-modulated locomotion},
  author={Willis, Mark A and Arbas, Edmund A},
  booktitle={Insect Pheromone Research},
  pages={304--319},
  year={1997},
  publisher={Springer}
}

%weathervaning
@article{iino2009parallel,
  title={Parallel use of two behavioral mechanisms for chemotaxis in Caenorhabditis elegans},
  author={Iino, Yuichi and Yoshida, Kazushi},
  journal={The Journal of Neuroscience},
  volume={29},
  number={17},
  pages={5370--5380},
  year={2009},
  publisher={Soc Neuroscience}
}
@article{lockery2011computational,
  title={The computational worm: spatial orientation and its neuronal basis in C. elegans},
  author={Lockery, Shawn R},
  journal={Current opinion in neurobiology},
  volume={21},
  number={5},
  pages={782--790},
  year={2011},
  publisher={Elsevier}
}
%%

@article{nagel2011biophysical,
  title={Biophysical mechanisms underlying olfactory receptor neuron dynamics},
  author={Nagel, Katherine I and Wilson, Rachel I},
  journal={Nature neuroscience},
  volume={14},
  number={2},
  pages={208--216},
  year={2011},
  publisher={Nature Publishing Group}
}

@article{wark2007sensory,
  title={Sensory adaptation},
  author={Wark, Barry and Lundstrom, Brian Nils and Fairhall, Adrienne},
  journal={Current opinion in neurobiology},
  volume={17},
  number={4},
  pages={423--429},
  year={2007},
  publisher={Elsevier}
}
@article{schwartz2001natural,
  title={Natural signal statistics and sensory gain control},
  author={Schwartz, Odelia and Simoncelli, Eero P},
  journal={Nature neuroscience},
  volume={4},
  number={8},
  pages={819--825},
  year={2001},
  publisher={Nature Publishing Group}
}


@article{root2008presynaptic,
  title={A presynaptic gain control mechanism fine-tunes olfactory behavior},
  author={Root, Cory M and Masuyama, Kaoru and Green, David S and Enell, Lina E and N{\"a}ssel, Dick R and Lee, Chi-Hon and Wang, Jing W},
  journal={Neuron},
  volume={59},
  number={2},
  pages={311--321},
  year={2008},
  publisher={Elsevier}
}


@article{ache2005olfaction,
  title={Olfaction: diverse species, conserved principles},
  author={Ache, Barry W and Young, Janet M},
  journal={Neuron},
  volume={48},
  number={3},
  pages={417--430},
  year={2005},
  publisher={Elsevier}
}

@article{kreher2008translation,
  title={Translation of sensory input into behavioral output via an olfactory system},
  author={Kreher, Scott A and Mathew, Dennis and Kim, Junhyong and Carlson, John R},
  journal={Neuron},
  volume={59},
  number={1},
  pages={110--124},
  year={2008},
  publisher={Elsevier}
}
@article{hallem2006coding,
  title={Coding of odors by a receptor repertoire},
  author={Hallem, Elissa A and Carlson, John R},
  journal={Cell},
  volume={125},
  number={1},
  pages={143--160},
  year={2006},
  publisher={Elsevier}
}


@article{raman2006processing,
  title={Processing of chemical sensor arrays with a biologically inspired model of olfactory coding},
  author={Raman, Baranidharan and Sun, Ping A and Gutierrez-Galvez, Agustin and Gutierrez-Osuna, Ricardo},
  journal={Neural Networks, IEEE Transactions on},
  volume={17},
  number={4},
  pages={1015--1024},
  year={2006},
  publisher={IEEE}
}


@article{wilson2013early,
  title={Early olfactory processing in Drosophila: mechanisms and principles},
  author={Wilson, Rachel I},
  journal={Annual review of neuroscience},
  volume={36},
  pages={217},
  year={2013},
  publisher={NIH Public Access}
}

@article{schulze2015dynamical,
  title={Dynamical feature extraction at the sensory periphery guides chemotaxis},
  author={Schulze, Aljoscha and Gomez-Marin, Alex and Rajendran, Vani G and Lott, Gus and Musy, Marco and Ahammad, Parvez and Deogade, Ajinkya and Sharpe, James and Riedl, Julia and Jarriault, David and others},
  journal={eLife},
  volume={4},
  pages={e06694},
  year={2015},
  publisher={eLife Sciences Publications Limited}
}

@article{das2011plasticity,
  title={Plasticity of local GABAergic interneurons drives olfactory habituation},
  author={Das, Sudeshna and Sadanandappa, Madhumala K and Dervan, Adrian and Larkin, Aoife and Lee, John Anthony and Sudhakaran, Indulekha P and Priya, Rashi and Heidari, Raheleh and Holohan, Eimear E and Pimentel, Angel and others},
  journal={Proceedings of the National Academy of Sciences},
  volume={108},
  number={36},
  pages={E646--E654},
  year={2011},
  publisher={National Acad Sciences}
}

@article{louis2008bilateral,
  title={Bilateral olfactory sensory input enhances chemotaxis behavior},
  author={Louis, Matthieu and Huber, Thomas and Benton, Richard and Sakmar, Thomas P and Vosshall, Leslie B},
  journal={Nature neuroscience},
  volume={11},
  number={2},
  pages={187--199},
  year={2008},
  publisher={Nature Publishing Group}
}

@article {cobbwhatandhow1999,
author = {Cobb, Matthew},
title = {What and how do maggots smell?},
journal = {Biological Reviews},
volume = {74},
number = {4},
publisher = {Blackwell Publishing Ltd},
issn = {1469-185X},
url = {http://dx.doi.org/10.1111/j.1469-185X.1999.tb00037.x},
doi = {10.1111/j.1469-185X.1999.tb00037.x},
pages = {425--459},
keywords = {olfaction, Diptera, larvae, dorsal organ},
year = {1999}
}

@article{lent2010image,
  title={Image-matching during ant navigation occurs through saccade-like body turns controlled by learned visual features},
  author={Lent, David D and Graham, Paul and Collett, Thomas S},
  journal={Proceedings of the National Academy of Sciences},
  volume={107},
  number={37},
  pages={16348--16353},
  year={2010},
  publisher={National Acad Sciences}
}

@article{wallace1962experiments,
  title={Experiments on visually controlled orientation in the desert locust, Schistocerca gregaria (Forsk{\aa}l)},
  author={Wallace, GK},
  journal={Animal Behaviour},
  volume={10},
  number={3},
  pages={361--369},
  year={1962},
  publisher={Elsevier}
}

@article{philippides2013bumblebee,
  title={Bumblebee calligraphy: the design and control of flight motifs in the learning and return flights of Bombus terrestris},
  author={Philippides, Andrew and de Ibarra, Natalie Hempel and Riabinina, Olena and Collett, Thomas S},
  journal={The Journal of experimental biology},
  volume={216},
  number={6},
  pages={1093--1104},
  year={2013},
  publisher={The Company of Biologists Ltd}
}

@article{voss1998active,
  title={Active vision in insects: an analysis of object-directed zig-zag flights in wasps (Odynerus spinipes, Eumenidae)},
  author={Voss, R and Zeil, J},
  journal={Journal of Comparative Physiology A},
  volume={182},
  number={3},
  pages={377--387},
  year={1998},
  publisher={Springer}
}


@article{yangzigzag2011,
    title = {Zigzag Turning Preference of Freely Crawling Cells},
    author = {Yang, Taeseok Daniel AND Park, Jin-Sung AND Choi, Youngwoon AND Choi, Wonshik AND Ko, Tae-Wook AND Lee, Kyoung J.},
    journal = {PLoS ONE},
    publisher = {Public Library of Science},
    year = {2011},
    month = {06},
    volume = {6},
    url = {http://dx.doi.org/10.1371%2Fjournal.pone.0020255},
    pages = {e20255},
    number = {6},
    doi = {10.1371/journal.pone.0020255}
}        

@article{ramaekers2005glomerular,
  title={Glomerular maps without cellular redundancy at successive levels of the Drosophila larval olfactory circuit},
  author={Ramaekers, Ariane and Magnenat, Edwige and Marin, Elizabeth C and Gendre, Nana{\"e} and Jefferis, Gregory SXE and Luo, Liqun and Stocker, Reinhard F},
  journal={Current biology},
  volume={15},
  number={11},
  pages={982--992},
  year={2005},
  publisher={Elsevier}
}


@article{vasmer2014induction,
  title={Induction of aversive learning through thermogenetic activation of Kenyon cell ensembles in Drosophila},
  author={Vasmer, David and Pooryasin, Atefeh and Riemensperger, Thomas and Fiala, Andr{\'e}},
  journal={Frontiers in behavioral neuroscience},
  volume={8},
  year={2014},
  publisher={Frontiers Media SA}
}

@article{krashes2009neural,
  title={A neural circuit mechanism integrating motivational state with memory expression in Drosophila},
  author={Krashes, Michael J and DasGupta, Shamik and Vreede, Andrew and White, Benjamin and Armstrong, J Douglas and Waddell, Scott},
  journal={Cell},
  volume={139},
  number={2},
  pages={416--427},
  year={2009},
  publisher={Elsevier}
}

@article{gong2010two,
  title={Two pairs of neurons in the central brain control Drosophila innate light preference},
  author={Gong, Zhefeng and Liu, Jiangqu and Guo, Chao and Zhou, Yanqiong and Teng, Yan and Liu, Li},
  journal={Science},
  volume={330},
  number={6003},
  pages={499--502},
  year={2010},
  publisher={American Association for the Advancement of Science}
}

@article{wu2003developmental,
  title={Developmental control of foraging and social behavior by the Drosophila neuropeptide Y-like system},
  author={Wu, Qi and Wen, Tieqiao and Lee, Gyunghee and Park, Jae H and Cai, Haini N and Shen, Ping},
  journal={Neuron},
  volume={39},
  number={1},
  pages={147--161},
  year={2003},
  publisher={Elsevier}
}

@article{rickert2011morphological,
  title={Morphological characterization of the entire interneuron population reveals principles of neuromere organization in the ventral nerve cord of Drosophila},
  author={Rickert, Christof and Kunz, Thomas and Harris, Kerri-Lee and Whitington, Paul M and Technau, Gerhard M},
  journal={The Journal of Neuroscience},
  volume={31},
  number={44},
  pages={15870--15883},
  year={2011},
  publisher={Soc Neuroscience}
}

@article{kohsaka2012development,
  title={Development of larval motor circuits in Drosophila},
  author={Kohsaka, Hiroshi and Okusawa, Satoko and Itakura, Yuki and Fushiki, Akira and Nose, Akinao},
  journal={Development, growth \& differentiation},
  volume={54},
  number={3},
  pages={408--419},
  year={2012},
  publisher={Wiley Online Library}
}
